@article{WWF,
title = {About the Amazon},
journal = {World Wildlife Fund},
year = 2017,
note = {\url{http://wwf.panda.org/what_we_do/where_we_work/amazon/about_the_amazon/}}
}

@article{VGGNet,
  author    = {Karen Simonyan and
               Andrew Zisserman},
  title     = {Very Deep Convolutional Networks for Large-Scale Image Recognition},
  journal   = {CoRR},
  volume    = {abs/1409.1556},
  year      = {2014},
  url       = {http://arxiv.org/abs/1409.1556},
  timestamp = {Wed, 01 Oct 2014 15:00:05 +0200},
  biburl    = {http://dblp.uni-trier.de/rec/bib/journals/corr/SimonyanZ14a},
  bibsource = {dblp computer science bibliography, http://dblp.org}
}

@article{ResNet,
  author    = {Kaiming He and
               Xiangyu Zhang and
               Shaoqing Ren and
               Jian Sun},
  title     = {Deep Residual Learning for Image Recognition},
  journal   = {CoRR},
  volume    = {abs/1512.03385},
  year      = {2015},
  url       = {http://arxiv.org/abs/1512.03385},
  timestamp = {Wed, 30 Mar 2016 23:40:00 +0200},
  biburl    = {http://dblp.uni-trier.de/rec/bib/journals/corr/HeZRS15},
  bibsource = {dblp computer science bibliography, http://dblp.org}
}


@article{Adam,
  author    = {Diederik P. Kingma and
               Jimmy Ba},
  title     = {Adam: {A} Method for Stochastic Optimization},
  journal   = {CoRR},
  volume    = {abs/1412.6980},
  year      = {2014},
  url       = {http://arxiv.org/abs/1412.6980},
  timestamp = {Thu, 01 Jan 2015 19:51:08 +0100},
  biburl    = {http://dblp.uni-trier.de/rec/bib/journals/corr/KingmaB14},
  bibsource = {dblp computer science bibliography, http://dblp.org}
}

@article{Kaggle,
title = {Understanding the Amazon From Space},
journal = {Kaggle},
year = 2017,
note = {\url{https://www.kaggle.com/c/planet-understanding-the-amazon-from-space}}
}