@misc{PyTorch,
  author = {PyTorch},
  title = {PyTorch},
  year = {2017},
  publisher = {GitHub},
  journal = {GitHub repository},
  howpublished = {\url{https://github.com/pytorch/pytorch}},
}

@incollection{kennedy2011particle,
  title={Particle swarm optimization},
  author={Kennedy, James},
  booktitle={Encyclopedia of machine learning},
  pages={760--766},
  year={2011},
  publisher={Springer}
}

@misc{Liu2017,
  author = {Jiaming Liu},
  title = {pytorch-lr-scheduler},
  year = {2017},
  publisher = {GitHub},
  journal = {GitHub repository},
  howpublished = {\url{https://github.com/Jiaming-Liu/pytorch-lr-scheduler}},
}

@misc{Johnson2017,
  author = {Justin Johnson},
  title = {pytorch-finetune},
  year = {2017},
  publisher = {GitHub},
  journal = {GitHub gist},
  howpublished = {\url{https://gist.github.com/jcjohnson/6e41e8512c17eae5da50aebef3378a4c}},
}

@misc{KaggleKernel,
  author = {Mikel Bober-Irizar},
  title = {Data Exploration Analysis},
  year = {2017},
  publisher = {Kaggle},
  howpublished = {\url{https://www.kaggle.com/anokas/data-exploration-analysis}},
}

@article{scikit-learn,
 title={Scikit-learn: Machine Learning in {P}ython},
 author={Pedregosa, F. and Varoquaux, G. and Gramfort, A. and Michel, V.
         and Thirion, B. and Grisel, O. and Blondel, M. and Prettenhofer, P.
         and Weiss, R. and Dubourg, V. and Vanderplas, J. and Passos, A. and
         Cournapeau, D. and Brucher, M. and Perrot, M. and Duchesnay, E.},
 journal={Journal of Machine Learning Research},
 volume={12},
 pages={2825--2830},
 year={2011}
}

@article{WWF,
title = {About the Amazon},
journal = {World Wildlife Fund},
year = 2017,
note = {\url{http://wwf.panda.org/what_we_do/where_we_work/amazon/about_the_amazon/}}
}

@article{VGGNet,
  author    = {Karen Simonyan and
               Andrew Zisserman},
  title     = {Very Deep Convolutional Networks for Large-Scale Image Recognition},
  journal   = {CoRR},
  volume    = {abs/1409.1556},
  year      = {2014},
  url       = {http://arxiv.org/abs/1409.1556},
  timestamp = {Wed, 01 Oct 2014 15:00:05 +0200},
  biburl    = {http://dblp.uni-trier.de/rec/bib/journals/corr/SimonyanZ14a},
  bibsource = {dblp computer science bibliography, http://dblp.org}
}

@article{ResNet,
  author    = {Kaiming He and
               Xiangyu Zhang and
               Shaoqing Ren and
               Jian Sun},
  title     = {Deep Residual Learning for Image Recognition},
  journal   = {CoRR},
  volume    = {abs/1512.03385},
  year      = {2015},
  url       = {http://arxiv.org/abs/1512.03385},
  timestamp = {Wed, 30 Mar 2016 23:40:00 +0200},
  biburl    = {http://dblp.uni-trier.de/rec/bib/journals/corr/HeZRS15},
  bibsource = {dblp computer science bibliography, http://dblp.org}
}


@article{Adam,
  author    = {Diederik P. Kingma and
               Jimmy Ba},
  title     = {Adam: {A} Method for Stochastic Optimization},
  journal   = {CoRR},
  volume    = {abs/1412.6980},
  year      = {2014},
  url       = {http://arxiv.org/abs/1412.6980},
  timestamp = {Thu, 01 Jan 2015 19:51:08 +0100},
  biburl    = {http://dblp.uni-trier.de/rec/bib/journals/corr/KingmaB14},
  bibsource = {dblp computer science bibliography, http://dblp.org}
}

@article{Kaggle,
title = {Understanding the Amazon From Space},
journal = {Kaggle},
year = 2017,
note = {\url{https://www.kaggle.com/c/planet-understanding-the-amazon-from-space}}
}

@article{TransferLearning1,
  author    = {Grant J. Scott and Matthew R. England and William A. Starms and Richard A. Marcum and Curt H. Davis},
  title     = {Training Deep Convolutional Neural Networks for Land–Cover Classification of High-Resolution Imagery},
  journal   = {IEEE Geoscience and Remote Sensing Letters},
  volume    = {14},
  number	= {4},
  pages		= {549-553},
  year      = {2017},
  url       = {http://ieeexplore.ieee.org/abstract/document/7858676/?part=1},
}

@article{TransferLearning2,
  author    = {Qian Weng and Zhengyuan Mao and Jiawen Lin and Wenzhong Guo},
  title     = {Land-Use Classification via Extreme Learning Classifier Based on Deep Convolutional Features},
  journal   = {IEEE Geoscience and Remote Sensing Letters},
  volume    = {14},
  number	= {5},
  pages		= {704-708},
  year      = {2017},
  url       = {http://ieeexplore.ieee.org/abstract/document/7885555/},
}

@article{Ensemble1,
  author    = {Nataliia Kussul and Mykola Lavreniuk and Sergii Skakun and Andrii Shelestov},
  title     = {Deep Learning Classification of Land Cover and Crop Types Using Remote Sensing Data},
  journal   = {IEEE Geoscience and Remote Sensing Letters},
  volume    = {14},
  number	= {5},
  pages		= {778-782},
  year      = {2017},
  url       = {http://ieeexplore.ieee.org/abstract/document/7891032/},
}

@article{Inception1,
  author    = {Zhong Ma and Zhuping Wang and Congxin Liu and Xiangzeng Liu},
  title     = {Satellite Imagery Classification Based on Deep
Convolution Network },
  journal   = {International Journal of Computer, Electrical, Automation, Control and Information Engineering},
  volume    = {10},
  number	= {6},
  pages		= {1155-1159},
  year      = {2016},
  url       = {http://www.waset.org/publications/10004722},
}

@article{segmentation1,
author = {Jun Yue and Wenzhi Zhao and Shanjun Mao and Hui Liu},
title = {Spectral–spatial classification of hyperspectral images using deep convolutional neural networks},
journal = {Remote Sensing Letters},
volume = {6},
number = {6},
pages = {468-477},
year = {2015},
doi = {10.1080/2150704X.2015.1047045},

URL = { 
        http://dx.doi.org/10.1080/2150704X.2015.1047045
    
},
eprint = { 
        http://dx.doi.org/10.1080/2150704X.2015.1047045
    
}
}

@article{VGG1,
  author    = {Gang Fu and Changjun Liu and Rong Zhou and Tao Sun and Qijian Zhang},
  title     = {Classification for High Resolution Remote Sensing Imagery Using a Fully Convolutional Network},
  journal   = {Remote Sensing},
  volume    = {10},
  number	= {5},
  pages		= {498},
  year      = {2017},
  url       = {http://www.mdpi.com/2072-4292/9/5/498/htm},
}

@article{TransferLearning3,
  author    = {Dimitrios Marmanis and Mihai Datcu and Thomas Esch and Uwe Stilla},
  title     = {Deep Learning Earth Observation Classification Using ImageNet Pretrained Networks},
  journal   = {IEEE Geoscience and Remote Sensing Letters},
  volume    = {13},
  number	= {1},
  pages		= {105 - 109},
  year      = {2016},
  url       = {http://ieeexplore.ieee.org/document/7342907/},
}


@article{TransferLearning4,
  author    = {Fan Hu and Gui-Song Xia and Jingwen Hu and Liangpei Zhang},
  title     = {Transferring Deep Convolutional Neural Networks for the Scene Classification of High-Resolution Remote Sensing Imagery},
  journal   = {Remote Sensing},
  volume    = {7},
  number	= {11},
  pages		= {14680-14707},
  year      = {2015},
  url       = {http://www.mdpi.com/2072-4292/7/11/14680/htm},
}


@article{background1,
author = {Wenzhi Zhao and Zhou Guo and Jun Yue and Xiuyuan Zhang and Liqun Luo},
title = {On combining multiscale deep learning features for the classification of hyperspectral remote sensing imagery},
journal = {International Journal of Remote Sensing},
volume = {36},
number = {13},
pages = {3368-3379},
year = {2015},
doi = {10.1080/2150704X.2015.1062157},

URL = { 
        http://dx.doi.org/10.1080/2150704X.2015.1062157
    
},
eprint = { 
        http://dx.doi.org/10.1080/2150704X.2015.1062157
    
}

}


@article{background2,
  author    = {F. P. S. Luus and B. P. Salmon and F. van den Bergh and B. T. J. Maharaj},
  title     = {Multiview Deep Learning for Land-Use Classification},
  journal   = {IEEE Geoscience and Remote Sensing Letters},
  volume    = {12},
  number	= {12},
  pages		= {2448 - 2452},
  year      = {2015},
  url       = {http://ieeexplore.ieee.org/document/7307121/authors},
}

@article{fromscratch2,
  author    = {Marco Castelluccio and
               Giovanni Poggi and
               Carlo Sansone and
               Luisa Verdoliva},
  title     = {Land Use Classification in Remote Sensing Images by Convolutional
               Neural Networks},
  journal   = {CoRR},
  volume    = {abs/1508.00092},
  year      = {2015},
  url       = {http://arxiv.org/abs/1508.00092},
  timestamp = {Wed, 07 Jun 2017 14:42:03 +0200},
  biburl    = {http://dblp.uni-trier.de/rec/bib/journals/corr/CastelluccioPSV15},
  bibsource = {dblp computer science bibliography, http://dblp.org}
}

@article{background3,
  author    = {Emmanuel Maggiori and Yuliya Tarabalka and Guillaume Charpiat and Pierre Alliez},
  title     = {Convolutional Neural Networks for Large-Scale Remote-Sensing Image Classification},
  journal   = {IEEE Geoscience and Remote Sensing Letters},
  volume    = {55},
  number	= {2},
  pages		= {645 - 657},
  year      = {2016},
  url       = {http://ieeexplore.ieee.org/abstract/document/7592858/},
}

@article{TransferLearning5,
  author    = {Adrian Albert and
               Jasleen Kaur and
               Marta Gonzalez},
  title     = {Using convolutional networks and satellite imagery to identify patterns
               in urban environments at a large scale},
  journal   = {CoRR},
  volume    = {abs/1704.02965},
  year      = {2017},
  url       = {http://arxiv.org/abs/1704.02965},
  timestamp = {Wed, 07 Jun 2017 14:41:54 +0200},
  biburl    = {http://dblp.uni-trier.de/rec/bib/journals/corr/AlbertKG17},
  bibsource = {dblp computer science bibliography, http://dblp.org}
}

@article{PovertyMapping,
  author    = {Michael Xie and
               Neal Jean and
               Marshall Burke and
               David Lobell and
               Stefano Ermon},
  title     = {Transfer Learning from Deep Features for Remote Sensing and Poverty
               Mapping},
  journal   = {CoRR},
  volume    = {abs/1510.00098},
  year      = {2015},
  url       = {http://arxiv.org/abs/1510.00098},
  timestamp = {Wed, 07 Jun 2017 14:40:53 +0200},
  biburl    = {http://dblp.uni-trier.de/rec/bib/journals/corr/XieJBLE15},
  bibsource = {dblp computer science bibliography, http://dblp.org}
}

@article{background4,
author = {Yanfei Zhong and Feng Fei and Yanfei Liu and Bei Zhao and Hongzan Jiao and Liangpei Zhang},
title = {SatCNN: satellite image dataset classification using agile convolutional neural networks},
journal = {Remote Sensing Letters},
volume = {8},
number = {2},
pages = {136-145},
year = {2017},
doi = {10.1080/2150704X.2016.1235299},

URL = { 
        http://dx.doi.org/10.1080/2150704X.2016.1235299
    
},
eprint = { 
        http://dx.doi.org/10.1080/2150704X.2016.1235299
    
}

}


@article{imagenet,
Author = {Olga Russakovsky and Jia Deng and Hao Su and Jonathan Krause and Sanjeev Satheesh and Sean Ma and Zhiheng Huang and Andrej Karpathy and Aditya Khosla and Michael Bernstein and Alexander C. Berg and Li Fei-Fei},
Title = {{ImageNet Large Scale Visual Recognition Challenge}},
Year = {2015},
journal   = {International Journal of Computer Vision (IJCV)},
doi = {10.1007/s11263-015-0816-y},
volume={115},
number={3},
pages={211-252}
}



@article{GoogleNet,
  author    = {Christian Szegedy and
               Wei Liu and
               Yangqing Jia and
               Pierre Sermanet and
               Scott E. Reed and
               Dragomir Anguelov and
               Dumitru Erhan and
               Vincent Vanhoucke and
               Andrew Rabinovich},
  title     = {Going Deeper with Convolutions},
  journal   = {CoRR},
  volume    = {abs/1409.4842},
  year      = {2014},
  url       = {http://arxiv.org/abs/1409.4842},
  timestamp = {Wed, 07 Jun 2017 14:40:42 +0200},
  biburl    = {http://dblp.uni-trier.de/rec/bib/journals/corr/SzegedyLJSRAEVR14},
  bibsource = {dblp computer science bibliography, http://dblp.org}
}


@incollection{AlexNet,
title = {ImageNet Classification with Deep Convolutional Neural Networks},
author = {Alex Krizhevsky and Sutskever, Ilya and Hinton, Geoffrey E},
booktitle = {Advances in Neural Information Processing Systems 25},
editor = {F. Pereira and C. J. C. Burges and L. Bottou and K. Q. Weinberger},
pages = {1097--1105},
year = {2012},
publisher = {Curran Associates, Inc.},
url = {http://papers.nips.cc/paper/4824-imagenet-classification-with-deep-convolutional-neural-networks.pdf}
}























